@misc{SRS_Template,
	author =    "W. Spencer Smith",    
    title =     {Software Requirements Specification Template},
    year = {2022}
}

@INPROCEEDINGS{5540082, 
author={Cui, Yan and Schuon, Sebastian and Chan, Derek and Thrun, Sebastian and Theobalt, Christian},
  booktitle={2010 IEEE Computer Society Conference on Computer Vision and Pattern Recognition}, 
  title={3D shape scanning with a time-of-flight camera}, 
  year={2010},
  volume={},
  number={},
  pages={1173-1180},
  doi={10.1109/CVPR.2010.5540082}}

@techreport{CSA1,
  title = {{CSA C22.1:21} {C}anadian Electrical Code, Part {I} (25th Edition), Safety Standard for Electrical Installations},
  author = {{CSA Group}},
  year = {2021}
 }
 
 @techreport{CSA2,
  title = {{CAN/CSA-Z434-14} {I}ndustrial robots and robot systems (Adopted {ISO 10218-1:2011}, second edition, 2011-07-01, with {C}anadian deviations and {ISO} 10218-2:2011, first edition, 2011-07-01, with {C}anadian deviations)},
  author = {{CSA Group}},
  year = {2019}
 }
 
 
 
