@misc{SRS,
	author = "Neeraj Ahluwalia and Jonathan Casella and Kareem Elmokattaf and Michaela Schnull", 
    title =  {Software Requirements Specification},
    year = {2022},
    url = https://github.com/mac-casellaj/LiDart/blob/vnv/docs/SRS/SRS.pdf
}

@misc{MIS,
	author = "Neeraj Ahluwalia and Jonathan Casella and Kareem Elmokattaf and Michaela Schnull",
    title =  {Module Interface Specification},
    year = {2022},
    url = https://github.com/mac-casellaj/LiDart/blob/main/docs/Design/MIS/MIS.pdf
}

@misc{MG,
	author = "Neeraj Ahluwalia and Jonathan Casella and Kareem Elmokattaf and Michaela Schnull",
    title = {Module Guide},
    year = {2022},
    url = https://github.com/mac-casellaj/LiDart/blob/main/docs/Design/MG/MG.pdf
}

@misc{PSG,
	author = "Jonathan Casella",
    title = {Problem Statement and Goal},
    year = {2022},
    url = https://github.com/mac-casellaj/LiDart/blob/main/docs/ProblemStatementAndGoals/ProblemStatement.pdf
}

@misc{FMEA,
	author = "Michaela Schnull and Kareem Elmokattaf",
    title = {Hazard Analysis},
    year = {2022},
    url = https://github.com/mac-casellaj/LiDart/blob/main/docs/HazardAnalysis/HazardAnalysis.pdf
}

@misc{UG,
	author ="Neeraj Ahluwalia and Jonathan Casella and Kareem Elmokattaf and Michaela Schnull",
    title = {User Guide},
    year = {2022},
    url = https://github.com/mac-casellaj/LiDart/blob/main/docs/UserGuide/UserGuide.pdf
}

@misc{Checklist-SRS,
	author = "Spencer Smith",
    title = {{SRS} and {CA} Checklist},
    year = {2022},
    url =https://github.com/mac-casellaj/LiDart/blob/main/docs/Checklists/SRS-Checklist.pdf
}

@misc{Checklist-MIS,
	author = "Spencer Smith",
    title = {{MIS} Checklist},
    year = {2022},
    url = https://github.com/mac-casellaj/LiDart/blob/main/docs/Checklists/MIS-Checklist.pdf
}

@misc{Checklist-MG,
	author = "Spencer Smith",
    title = {{MIS} Checklist},
    year = {2022},
    url = https://github.com/mac-casellaj/LiDart/blob/main/docs/Checklists/MG-Checklist.pdf
}

@misc{Checklist-VnV,
	author = "Spencer Smith",
    title = {System Verification and Validation Plan Checklist},
    year = {2022},
    url = https://github.com/mac-casellaj/LiDart/blob/main/docs/Checklists/VnV-Checklist.pdf
}

@Book{rust,
    booktitle = {rustc book},
    title = {Testing},
    author = {{Rust Programming Language}},
    chapter = 5,
    note = {https://doc.rust-lang.org/rustc/tests/index.html}
}

@techreport{CSA1,
  title = {{CSA C22.1:21} {C}anadian Electrical Code, Part {I} (25th Edition), Safety Standard for Electrical Installations},
  author = {{CSA Group}},
  year = {2021}
 }
 
 @techreport{CSA2,
  title = {{CAN/CSA-Z434-14} {I}ndustrial robots and robot systems (Adopted {ISO 10218-1:2011}, second edition, 2011-07-01, with {C}anadian deviations and {ISO} 10218-2:2011, first edition, 2011-07-01, with {C}anadian deviations)},
  author = {{CSA Group}},
  year = {2019}
 }
 
 
 
